
@Article{kallet04methods,
  author = 	 {Richard H Kallet},
  title = 	 {How to Write the Methods Section of a Research Paper},
  journal = 	 {Respiratory Care},
  year = 	 2004,
  volume =	 49,
  number =	 10,
  pages =	 {1229--1232}
}

@Unpublished{higghsdoc,
  author =  {C. Adam-Bourdarios et al.},
  title =   {Learning to discover: the Higgs
boson machine learning challenge},
  year = 2014,
  organization = {ATLAS},
  url = {https://higgsml.lal.in2p3.fr/files/2014/04/documentation_v1.8.pdf}
}


@TechReport{wavelab,
  author = 		 {Jonathan B. Buckheit and David L. Donoho},
  title = 		 {WaveLab and Reproducible Research},
  institution =  {Stanford University},
  year = 		 2009}